<?xml version="1.0" encoding="UTF-8"?><record xmlns="http://www.loc.gov/MARC21/slim" xmlns:cinclude="http://apache.org/cocoon/include/1.0" xmlns:zs="http://www.loc.gov/zing/srw/">
  <leader>00626nz  a2200169n  4500</leader>
  <controlfield tag="001">no 96004977 </controlfield>
  <controlfield tag="003">DLC</controlfield>
  <controlfield tag="005">19960201053633.8</controlfield>
  <controlfield tag="008">960131n| acannaab|          |a ana     a</controlfield>
  <datafield tag="010" ind1=" " ind2=" ">
    <subfield code="a">no 96004977 </subfield>
  </datafield>
  <datafield tag="035" ind1=" " ind2=" ">
    <subfield code="a">(OCoLC)oca03998488 </subfield>
  </datafield>
  <datafield tag="040" ind1=" " ind2=" ">
    <subfield code="a">DNAL</subfield>
    <subfield code="c">DNAL</subfield>
  </datafield>
  <datafield tag="110" ind1="2" ind2="0">
    <subfield code="a">Deloitte &amp; Touche Management Consultants</subfield>
  </datafield>
  <datafield tag="410" ind1="2" ind2="0">
    <subfield code="a">Deloitte &amp; Touche.</subfield>
    <subfield code="b">Deloitte &amp; Touche Management Consultants</subfield>
  </datafield>
  <datafield tag="410" ind1="2" ind2="0">
    <subfield code="a">Deloitte and Touche Management Consultants</subfield>
  </datafield>
  <datafield tag="670" ind1=" " ind2=" ">
    <subfield code="a">Methyl bromide alternatives, substitutes and ... 1993:</subfield>
    <subfield code="b">t.p. (Deloitte &amp; Touche Management Consultants)</subfield>
  </datafield>
  <datafield tag="670" ind1=" " ind2=" ">
    <subfield code="a">NLC 6/22/94</subfield>
    <subfield code="b">(Deloitte &amp; Touche Management Consultants)</subfield>
  </datafield>
</record>